<?xml version="1.0" encoding="UTF-8"?>
<record xmlns="http://www.loc.gov/MARC21/slim" xmlns:xsi="http://www.w3.org/2001/XMLSchema-instance" xsi:schemaLocation="http://www.loc.gov/MARC21/slim http://www.loc.gov/standards/marcxml/schema/MARC21slim.xsd">
<leader>00000cam a22      a 4500</leader>
<controlfield tag="001">001677400</controlfield>
<controlfield tag="003">NNU</controlfield>
<controlfield tag="005">20150605174645.0</controlfield>
<controlfield tag="008">960215s1926    mr            000 0 ara</controlfield>
<datafield tag="010" ind1=" " ind2=" ">
<subfield code="a">   75587105</subfield>
</datafield>
<datafield tag="035" ind1=" " ind2=" ">
<subfield code="a">(OCoLC)78947771</subfield>
</datafield>
<datafield tag="040" ind1=" " ind2=" ">
<subfield code="a">DLC</subfield>
<subfield code="b">eng</subfield>
<subfield code="c">HLS</subfield>
<subfield code="d">OCLCF</subfield>
<subfield code="d">OCLCO</subfield>
<subfield code="d">OCLCQ</subfield>
<subfield code="d">NNU</subfield>
</datafield>
<datafield tag="043" ind1=" " ind2=" ">
<subfield code="a">f-mr---</subfield>
</datafield>
<datafield tag="050" ind1=" " ind2="4">
<subfield code="a">BP88.M78272</subfield>
<subfield code="b">D37 1926</subfield>
</datafield>
<datafield tag="100" ind1="1" ind2=" ">
<subfield code="6">880-01</subfield>
<subfield code="a">Muḥammad ibn al-Yamanī al-Nāṣirī.</subfield>
</datafield>
<datafield tag="245" ind1="1" ind2="0">
<subfield code="6">880-02</subfield>
<subfield code="a">Kitāb ḍarb niṭāq al-ḥiṣār ʻalá aṣḥābi nihāyati al-inkisār /</subfield>
<subfield code="c">bi-qalm Muḥammad ibn al-Yamanī al-Nāṣirī al-Jaʻfarī al-Zaynabī al-Ribāṭī.</subfield>
</datafield>
<datafield tag="246" ind1="3" ind2=" ">
<subfield code="6">880-03</subfield>
<subfield code="a">Ḍarb niṭāq al-ḥiṣār</subfield>
</datafield>
<datafield tag="260" ind1=" " ind2=" ">
<subfield code="6">880-04</subfield>
<subfield code="a">al-Ribāṭ :</subfield>
<subfield code="b">al-Maṭbaʻah al-Ahlīyah,</subfield>
<subfield code="c">[1926 or 1927]</subfield>
</datafield>
<datafield tag="300" ind1=" " ind2=" ">
<subfield code="a">27, 165 pages ;</subfield>
<subfield code="c">23 cm</subfield>
</datafield>
<datafield tag="336" ind1=" " ind2=" ">
<subfield code="a">text</subfield>
<subfield code="b">txt</subfield>
<subfield code="2">rdacontent</subfield>
</datafield>
<datafield tag="337" ind1=" " ind2=" ">
<subfield code="a">unmediated</subfield>
<subfield code="b">n</subfield>
<subfield code="2">rdamedia</subfield>
</datafield>
<datafield tag="338" ind1=" " ind2=" ">
<subfield code="a">volume</subfield>
<subfield code="b">nc</subfield>
<subfield code="2">rdacarrier</subfield>
</datafield>
<datafield tag="500" ind1=" " ind2=" ">
<subfield code="6">880-05</subfield>
<subfield code="a">"Mudhayyal bi-maqal li-Abī ʻAbd Allāh al-Jazūlī taḥta ʻinwān: Lā ṭuruqa fī al-Islām."</subfield>
</datafield>
<datafield tag="650" ind1=" " ind2="0">
<subfield code="a">Islam</subfield>
<subfield code="z">Morocco.</subfield>
</datafield>
<datafield tag="650" ind1=" " ind2="0">
<subfield code="a">Islam</subfield>
<subfield code="y">20th century.</subfield>
</datafield>
<datafield tag="650" ind1=" " ind2="7">
<subfield code="a">Islam.</subfield>
<subfield code="2">fast</subfield>
<subfield code="0">(OCoLC)fst00979776</subfield>
</datafield>
<datafield tag="651" ind1=" " ind2="7">
<subfield code="a">Morocco.</subfield>
<subfield code="2">fast</subfield>
<subfield code="0">(OCoLC)fst01205592</subfield>
</datafield>
<datafield tag="648" ind1=" " ind2="7">
<subfield code="a">1900 - 1999</subfield>
<subfield code="2">fast</subfield>
</datafield>
<datafield tag="880" ind1="1" ind2=" ">
<subfield code="6">100-01/</subfield>
<subfield code="a">محمد بن اليمني الناصري.</subfield>
</datafield>
<datafield tag="880" ind1="1" ind2="0">
<subfield code="6">245-02/</subfield>
<subfield code="a">كتاب ضرب نطاق الحصار على اصحاب نهاية الانكسار /</subfield>
<subfield code="c">بقلم محمد بن اليمني الناصري الجعفري الزينبي الرباطي.</subfield>
</datafield>
<datafield tag="880" ind1="3" ind2=" ">
<subfield code="6">246-03/</subfield>
<subfield code="a">ضرب نطاق الحصار</subfield>
</datafield>
<datafield tag="880" ind1=" " ind2=" ">
<subfield code="6">260-04/</subfield>
<subfield code="a">الرباط :</subfield>
<subfield code="b">المطبعة الاهلية،</subfield>
<subfield code="c">[1926 or 1927]</subfield>
</datafield>
<datafield tag="880" ind1=" " ind2=" ">
<subfield code="6">500-05/</subfield>
<subfield code="a">"مذيل بمقل لابي عبد الله الجزولي تحت عنوان: لا طرق في الاسلام."</subfield>
</datafield>
<datafield tag="OWN" ind1=" " ind2=" ">
<subfield code="a">GENERAL</subfield>
</datafield>
<datafield tag="AVA" ind1=" " ind2=" ">
<subfield code="a">NYU50</subfield>
<subfield code="b">BOBST</subfield>
<subfield code="c">Main Collection</subfield>
<subfield code="d">BP88.M78272 D37</subfield>
<subfield code="e">unavailable</subfield>
<subfield code="t">Unavailable</subfield>
<subfield code="f">1</subfield>
<subfield code="g">1</subfield>
<subfield code="h">N</subfield>
<subfield code="i">0</subfield>
<subfield code="j">MAIN</subfield>
<subfield code="k">0</subfield>
</datafield>
</record>
